
@inproceedings{fang_2019_xvector,
	title = {Speaker {Anonymization} {Using} {X}-vector and {Neural} {Waveform} {Models}},
	url = {https://www.isca-archive.org/ssw_2019/fang19_ssw.html},
	doi = {10.21437/SSW.2019-28},
	language = {en},
	urldate = {2024-12-19},
	booktitle = {10th {ISCA} {Workshop} on {Speech} {Synthesis} ({SSW} 10)},
	publisher = {ISCA},
	author = {Fang, Fuming and Wang, Xin and Yamagishi, Junichi and Echizen, Isao and Todisco, Massimiliano and Evans, Nicholas and Bonastre, Jean-Francois},
	month = sep,
	year = {2019},
	pages = {155--160},
}

@phdthesis{champion_2023_thesis,
	type = {phdthesis},
	title = {Anonymizing {Speech}: {Evaluating} and {Designing} {Speaker} {Anonymization} {Techniques}},
	shorttitle = {Anonymizing {Speech}},
	url = {https://hal.univ-lorraine.fr/tel-04218098},
	language = {en},
	urldate = {2024-12-23},
	school = {Universit√© de Lorraine},
	author = {Champion, Pierre},
	month = apr,
	year = {2023},
	doi = {10.48550/arXiv.2308.04455},
}

@article{yoo_2020_voice_conversion,
	title = {Speaker {Anonymization} for {Personal} {Information} {Protection} {Using} {Voice} {Conversion} {Techniques}},
	volume = {8},
	issn = {2169-3536},
	url = {https://ieeexplore.ieee.org/document/9247219},
	doi = {10.1109/ACCESS.2020.3035416},
	urldate = {2024-12-23},
	journal = {IEEE Access},
	author = {Yoo, In-Chul and Lee, Keonnyeong and Leem, Seonggyun and Oh, Hyunwoo and Ko, Bonggu and Yook, Dongsuk},
	year = {2020},
	note = {Conference Name: IEEE Access},
	keywords = {Data privacy, deep neural networks, Linguistics, speaker anonymization, Speech recognition, Training, Training data, User interfaces, variational autoencoder, Vocoders, voice conversion},
	pages = {198637--198645},
}

@inproceedings{patino_2021_mcadams,
	title = {Speaker {Anonymisation} {Using} the {McAdams} {Coefficient}},
	url = {https://www.isca-archive.org/interspeech_2021/patino21_interspeech.html},
	doi = {10.21437/Interspeech.2021-1070},
	language = {en},
	urldate = {2024-12-28},
	booktitle = {Interspeech 2021},
	publisher = {ISCA},
	author = {Patino, Jose and Tomashenko, Natalia and Todisco, Massimiliano and Nautsch, Andreas and Evans, Nicholas},
	month = aug,
	year = {2021},
	pages = {1099--1103},
}

@inproceedings{deng_2023_v_cloak,
	title = {V-{Cloak}: {Intelligibility}-, {Naturalness}- \& {Timbre}-{Preserving} {Real}-{Time} {Voice} {Anonymization}},
	isbn = {978-1-939133-37-3},
	shorttitle = {\{{V}-{Cloak}\}},
	url = {https://www.usenix.org/conference/usenixsecurity23/presentation/deng-jiangyi-v-cloak},
	language = {en},
	urldate = {2024-12-29},
	booktitle = {32nd USENIX Security Symposium (USENIX Security 23)},
	author = {Deng, Jiangyi and Teng, Fei and Chen, Yanjiao and Chen, Xiaofu and Wang, Zhaohui and Xu, Wenyuan},
	year = {2023},
	pages = {5181--5198},
}

@article{oreilly_2022_voiceblock,
	title = {{VoiceBlock}: {Privacy} through {Real}-{Time} {Adversarial} {Attacks} with {Audio}-to-{Audio} {Models}},
	volume = {35},
	shorttitle = {{VoiceBlock}},
	url = {https://proceedings.neurips.cc/paper_files/paper/2022/hash/c204d12afa0175285e5aac65188808b4-Abstract-Conference.html},
	language = {en},
	urldate = {2024-12-29},
	journal = {Advances in Neural Information Processing Systems},
	author = {O'Reilly, Patrick and Bugler, Andreas and Bhandari, Keshav and Morrison, Max and Pardo, Bryan},
	month = dec,
	year = {2022},
	pages = {30058--30070},
}

@inproceedings{meyer_2023_adversarial_gan,
	title = {Anonymizing {Speech} with {Generative} {Adversarial} {Networks} to {Preserve} {Speaker} {Privacy}},
	url = {https://ieeexplore.ieee.org/document/10022601},
	doi = {10.1109/SLT54892.2023.10022601},
	urldate = {2024-12-29},
	booktitle = {2022 {IEEE} {Spoken} {Language} {Technology} {Workshop} ({SLT})},
	author = {Meyer, Sarina and Tilli, Pascal and Denisov, Pavel and Lux, Florian and Koch, Julia and Vu, Ngoc Thang},
	month = jan,
	year = {2023},
	keywords = {Data privacy, speaker anonymization, Speech recognition, Training, generative adversarial networks, Generative adversarial networks, Information filtering, Pipelines, Privacy, speaker embeddings, voice privacy},
	pages = {912--919},
}

@inproceedings{chen_2024_adversarial_yourtts,
	title = {Adversarial {Speech} for {Voice} {Privacy} {Protection} from {Personalized} {Speech} {Generation}},
	url = {https://ieeexplore.ieee.org/document/10447699},
	doi = {10.1109/ICASSP48485.2024.10447699},
	urldate = {2024-12-29},
	booktitle = {{ICASSP} 2024 - 2024 {IEEE} {International} {Conference} on {Acoustics}, {Speech} and {Signal} {Processing} ({ICASSP})},
	author = {Chen, Shihao and Chen, Liping and Zhang, Jie and Lee, KongAik and Ling, Zhenhua and Dai, Lirong},
	month = apr,
	year = {2024},
	note = {ISSN: 2379-190X},
	keywords = {voice conversion, Privacy, voice privacy, Acoustics, adversary attack, Glass box, Personalized speech generation, Perturbation methods, Rendering (computer graphics), Signal processing, Speech processing, text-to-speech},
	pages = {11411--11415},
}
